@misc{xwobadef,
  author       = "{MLB Advanced Media}",
  title        = "{Expected Weighted On-base Average}",
  url          = "https://www.mlb.com/glossary/statcast/expected-woba"
}

@misc{xfipdef,
  author       = "{MLB Advanced Media}",
  title        = "{Expected Fielding Independent Pitching}",
  url          = "https://www.mlb.com/glossary/advanced-stats/expected-fielding-independent-pitching"
}

@misc{starmerlr,
  author       = "{StatQuest with Josh Starmer}",
  title        = "{Linear Regression, Clearly Explained!!!}",
  howpublished = "YouTube",
  month        = jul,
  year         = 2017,
  url          = "https://www.youtube.com/watch?v=nk2CQITm_eo"
}

@misc{starmerrf,
  author       = "{StatQuest with Josh Starmer}",
  title        = "{StatQuest: Random Forests Part 1 - Building, Using and Evaluating}",
  howpublished = "YouTube",
  month        = feb,
  year         = 2018,
  url          = "https://www.youtube.com/watch?v=J4Wdy0Wc_xQ"
}

@unpublished{jia,
  author       = "Jia, Randy and Wong, Chris and Zeng, David",
  title        = "{Predicting the Major League Baseball Season}",
  note         = {Stanford University},
  year         = 2013,
  url          = "https://cs229.stanford.edu/proj2013/JiaWongZeng-PredictingTheMajorLeagueBaseballSeason.pdf"
}

@inbook{roback,
  author       = "Roback, Paul and Legler, Julie",
  title        = "{Beyond Multiple Linear Regression: Applied Generalized Linear Models and Multilevel Models in R}",
  chapter      = 4,
  year         = 2021,
  publisher    = {CRC Press},
  url          = "https://bookdown.org/roback/bookdown-BeyondMLR/ch-poissonreg.html"
}

@article{nguyen,
  author       = "Nguyen, Quang",
  title        = "{Poisson Modeling and Predicting English Premier League Goal Scoring}",
  journal      = "The New England Journal of Statistics in Data Science",
  year         = "2023",
  url          = "https://nejsds.nestat.org/journal/NEJSDS/article/1/read"
}

@mastersthesis{cui,
  author       = "Cui, Andrew",
  title        = "{Forecasting Outcomes of Major League Basebal Games Using Machine Learning}",
  school       = "University of Pennsylvania",
  year         = 2020,
  month        = apr,
  type         = "{Bachelor's thesis}",
  url          = "https://fisher.wharton.upenn.edu/wp-content/uploads/2020/09/Thesis_Andrew-Cui.pdf"
}

@misc{linreg,
  author       = "Krishnavedala",
  title        = "Linear least squares example2.svg",
  howpublished = "{Wikimedia Commons}",
  month        = jun,
  year         = 2011,
  url          = "https://commons.wikimedia.org/wiki/File:Linear_least_squares_example2.svg",
  note         = "CC BY-SA"
}

@misc{poisreg,
  author       = "Skbkekas",
  title        = "Plot of the probability mass function for the Poisson distribution",
  howpublished = "{Wikipedia}",
  month        = nov,
  year         = 2020,
  url          = "https://en.wikipedia.org/wiki/Poisson_distribution#/media/File:Poisson_pmf.svg",
  note         = "CC BY"
}

@misc{randfor,
  author       = "Jeremybeauchamp",
  title        = "{Decision Tree vs. Random Forest.png}",
  howpublished = "{Wikimedia Commons}",
  month        = dec,
  year         = 2020,
  url          = "https://commons.wikimedia.org/wiki/File:Decision_Tree_vs._Random_Forest.png",
  note         = "CC BY-SA"
}

@misc{retrosheet,
  title        = "Retrosheet",
  url          = "https://www.retrosheet.org/"
}

@misc{statcast,
  title        = "{Baseball Savant}",
  url          = "https://baseballsavant.mlb.com/"
}

@misc{fangraphs,
  title        = "{FanGraphs}",
  url          = "https://www.fangraphs.com/"
}